<record xmlns='http://www.loc.gov/MARC21/slim'><leader>01906cas a2200481 a 4500</leader><controlfield tag='001'>1125877</controlfield><controlfield tag='005'>20181031171247.0</controlfield><controlfield tag='008'>761214d19671984sz fr p  s   i0   a0eng d</controlfield><datafield ind1=' ' ind2=' ' tag='010'><subfield code='a'>84645960</subfield><subfield code='z'>sc 79003419</subfield></datafield><datafield ind1='1' ind2=' ' tag='019'><subfield code='a'>1482938</subfield></datafield><datafield ind1='0' ind2=' ' tag='022'><subfield code='a'>0040-7747</subfield></datafield><datafield ind1=' ' ind2=' ' tag='035'><subfield code='9'>(AuCNLDY)320919</subfield></datafield><datafield ind1=' ' ind2=' ' tag='035'><subfield code='a'>1125877</subfield></datafield><datafield ind1=' ' ind2=' ' tag='040'><subfield code='a'>LC</subfield><subfield code='b'>eng</subfield><subfield code='c'>LC</subfield><subfield code='d'>NNCU:A</subfield></datafield><datafield ind1='0' ind2=' ' tag='041'><subfield code='a'>eng</subfield><subfield code='a'>fre</subfield></datafield><datafield ind1=' ' ind2=' ' tag='042'><subfield code='a'>lc</subfield><subfield code='a'>nsdp</subfield></datafield><datafield ind1=' ' ind2=' ' tag='043'><subfield code='a'>e------</subfield></datafield><datafield ind1='0' ind2='0' tag='050'><subfield code='a'>HD9765.A2</subfield><subfield code='b'>T5</subfield></datafield><datafield ind1='0' ind2='0' tag='082'><subfield code='a'>338.1/7498/094</subfield><subfield code='2'>19</subfield></datafield><datafield ind1='0' ind2=' ' tag='210'><subfield code='a'>Timber bull. Eur</subfield></datafield><datafield ind1=' ' ind2='0' tag='222'><subfield code='a'>Timber bulletin for Europe</subfield></datafield><datafield ind1='0' ind2='0' tag='245'><subfield code='a'>Timber bulletin for Europe =</subfield><subfield code='b'>Bulletin du bois pour l&apos;Europe.</subfield></datafield><datafield ind1='3' ind2='1' tag='246'><subfield code='a'>Bulletin du bois pour l&apos;Europe</subfield></datafield><datafield ind1=' ' ind2=' ' tag='260'><subfield code='a'>[Geneva?] :</subfield><subfield code='b'>United Nations, Food and Agriculture Organization,</subfield><subfield code='c'>1967-</subfield></datafield><datafield ind1=' ' ind2=' ' tag='300'><subfield code='a'>v. :</subfield><subfield code='b'>ill. ;</subfield><subfield code='c'>22-29 cm.</subfield></datafield><datafield ind1=' ' ind2=' ' tag='310'><subfield code='a'>Semiannual,</subfield><subfield code='b'>1971-</subfield></datafield><datafield ind1=' ' ind2=' ' tag='321'><subfield code='a'>Quarterly,</subfield><subfield code='b'>1967-1970</subfield></datafield><datafield ind1='0' ind2=' ' tag='362'><subfield code='a'>Vol. 20, no. 1 (Jan.-Mar. 1967)-</subfield></datafield><datafield ind1='1' ind2=' ' tag='362'><subfield code='a'>Ceased in 1984.</subfield></datafield><datafield ind1='2' ind2=' ' tag='510'><subfield code='a'>Abstract bulletin of the Institute of Paper Chemistry</subfield><subfield code='x'>0020-3033</subfield></datafield><datafield ind1='2' ind2=' ' tag='510'><subfield code='a'>Predicasts</subfield></datafield><datafield ind1=' ' ind2=' ' tag='525'><subfield code='a'>Vol. 20-   accompanied by supplements.</subfield></datafield><datafield ind1=' ' ind2=' ' tag='546'><subfield code='a'>English and French.</subfield></datafield><datafield ind1=' ' ind2='0' tag='650'><subfield code='a'>Lumber trade</subfield><subfield code='z'>Europe</subfield><subfield code='x'>Statistics</subfield><subfield code='x'>Periodicals.</subfield></datafield><datafield ind1=' ' ind2='0' tag='650'><subfield code='a'>Forest products industry</subfield><subfield code='z'>Europe</subfield><subfield code='x'>Statistics</subfield><subfield code='x'>Periodicals.</subfield></datafield><datafield ind1='2' ind2=' ' tag='710'><subfield code='a'>Food and Agriculture Organization of the United Nations.</subfield></datafield><datafield ind1='0' ind2=' ' tag='770'><subfield code='t'>Forest products market trends in ... and prospects for ...</subfield><subfield code='g'>-1984</subfield></datafield><datafield ind1='0' ind2=' ' tag='770'><subfield code='t'>Annual forest products market review</subfield><subfield code='g'>-1984</subfield></datafield><datafield ind1='0' ind2=' ' tag='770'><subfield code='t'>Monthly prices for forest products</subfield><subfield code='g'>1979-1984</subfield></datafield><datafield ind1='0' ind2=' ' tag='770'><subfield code='a'>United Nations. Economic Commission for Europe. Timber Committee.</subfield><subfield code='t'>ECE Timber Committee yearbook</subfield><subfield code='g'>1980-1984</subfield></datafield><datafield ind1='0' ind2='0' tag='780'><subfield code='t'>Timber bulletin (Geneva, Switzerland)</subfield></datafield><datafield ind1='0' ind2='0' tag='785'><subfield code='t'>Timber bulletin (Geneva, Switzerland : 1985)</subfield><subfield code='x'>0040-7747</subfield></datafield><datafield ind1=' ' ind2=' ' tag='984'><subfield code='a'>ANL</subfield><subfield code='c'>S 338.174928 UNI</subfield><subfield code='d'>Vol. 20, no. 1-v. 37, no. 1</subfield><subfield code='e'>(Jan./Mar. 1967-Jan./June 1984)</subfield><subfield code='f'>[imperfect]</subfield></datafield></record>